@IEEEtranBSTCTL{IEEEexample:BSTcontrol,
CTLuse_forced_etal= "yes",
CTLmax_names_forced_etal = "3",
CTLnames_show_etal= "1"

};


@INPROCEEDINGS{fpga_puf,
author={Mills, A. and Vyas, S. and Patterson, M. and Sabotta, C. and Jones, P. and Zambreno, J.},
booktitle={Computer Design (ICCD), 2012 IEEE 30th International Conference on}, title={Design and evaluation of a delay-based FPGA Physically Unclonable Function},
year={2012},
pages={143-146}}


@INPROCEEDINGS{boehm,
author={Bohm, C. and Hofer, M. and Pribyl, W.},
booktitle={NSS},
title={A microcontroller {SRAM-PUF}},
year={2011},
month=sep,
pages={269--273}}


@INPROCEEDINGS{hofer, 
author={Hofer, M and Bohm,C}, 
title={An alternative to error correction for {SRAM}-like {PUF}},
booktitle={ CHES},
year = 2010, 
pages={335–350}}



@INPROCEEDINGS{anderson, 
author={Anderson, J.H.}, 
booktitle={ASP-DAC}, 
title={A {PUF} design for secure {FPGA}-based embedded systems}, 
year={2010}, 
month=jan, 
pages={1--6}}


@INPROCEEDINGS{maes, 
author={Maes, R.  and  Verbauwhede, I.}, 
booktitle={Towards Hardware-Intrinsic Security, Security and Cryptology}, 
title={Physically Unclonable Functions: a Study on the State of the Art and Future Research Directions}, 
year={2010}}


@INPROCEEDINGS{maiti, 
author={Maiti, A. and  Gunreddy,V. and Schaumon, P. }, 
booktitle= {IACR}, 
title={A Systematic Method to Evaluate and Compare the Performance of Physical Unclonable Functions}, 
year={2011}}


@INPROCEEDINGS{su, 
author={ Su,Y.  and  Holleman,J.  and Otis, B. }, 
booktitle={ISSCC}, 
title={A 1.6pJ/bit 96\% Stable Chip-ID Generating Circuit using Process Variations}, 
year={2007}, 
month=feb, 
volume={}, 
number={}, 
pages={406--611}}


@INPROCEEDINGS{pang, 
author={Liang-Teck Pang and Nikolic, B.}, 
booktitle={CICC}, 
title={Measurement and analysis of variability in 45nm strained-Si CMOS technology}, 
year={2008}, 
month=sep, 
pages={129--132}}

@INPROCEEDINGS{sedcole, 
author={Sedcole, P. and Cheung, P.Y.K}, 
booktitle={FPT},
title={ Within-die delay variability in 90nm {FPGAs} and beyond}, 
year={2006}}

@INPROCEEDINGS{ro:maiti, 
author={Maiti, A. and Casarona, J. and McHale, L. and Schaumont, P.}, 
booktitle={HOST}, 
title={A large scale characterization of {RO-PUF}}, 
year={2010}, 
month=jun, 
pages={94--99}}


@INPROCEEDINGS{morozov2, 
author={Morozov, S. and Maiti,A.  and Schaumon, P. }, 
booktitle={ Reconfigurable Computing: Architectures, Tools and Applications}, 
title={ An analysis of delay based {PUF} implementations on {FPGA}}, 
year={2010},
pages={382--387}}



@electronic{counterfeit, 
author={Lowry, R. }, 
booktitle={ Reconfigurable Computing: Architectures, Tools and Applications}, 
title={  Counterfeit Electronic Components - An Overview }, 
year={2007},
url = {http://www.ors-labs.com/pdf/MASH07CounterfeitDevice.pdf}
}


@INPROCEEDINGS{eiroa, 
author={Eiroa, S.  and  Baturone, I.}, 
booktitle={ICM}, 
title={Hardware authentication based on PUFs and SHA-3 2nd round candidates}, 
year={2010}, 
month=dec, 
pages={319--322}}


@INPROCEEDINGS{kulseng, 
author={Kulseng, L. and Zhen Yu and Yawen Wei and Yong Guan}, 
booktitle={INFOCOM}, 
title={Lightweight Mutual Authentication and Ownership Transfer for {RFID} Systems}, 
year={2010}, 
month=mar, 
pages={1--5}}



@article{pappu, 
author={Pappu, R. and Recht,R.  and   Taylor,J. }, 
journal={Science}, 
title= {Physical one-way functions}, 
vol = 297,
year={2002}, 
month=sep, 
pages={2026-–2030}}


@INPROCEEDINGS{handschuh, 
author={Handschuh, H.}, 
booktitle={HOST},
title={Hardware intrinsic security based on {SRAM PUFs}: Tales from the industry}, 
year={2011}, 
month=jun,
pages={127}}


@inproceedings{DBLP:conf/birthday/LeestSSTH12,
  author    = {Vincent van der Leest and
               Erik van der Sluis and
               Geert Jan Schrijen and
               Pim Tuyls and
               Helena Handschuh},
  title     = {Efficient Implementation of True Random Number Generator
               Based on SRAM PUFs},
  booktitle = {Cryptography and Security},
  year      = {2012},
  pages     = {300-318}}


@INPROCEEDINGS{hori, 
author={Hori, Y. and Yoshida, T. and Katashita, T. and Satoh, A.}, 
booktitle={ReConFig}, 
title={Quantitative and Statistical Performance Evaluation of Arbiter Physical Unclonable Functions on {FPGAs}}, 
year={2010}, 
month=dec, 
pages={298--303}}

@electronic{spartansixhdl, 
author={Xilinx }, 
title={  Spartan-3E Libraries Guide for HDL Designs },  
url = {http://www.xilinx.com/support/documentation/sw\textunderscore manuals/xilinx11/spartan3e\textunderscore hdl.pdf}}

@electronic{xilinxsecurity, 
author={Ching Hu }, 
title={ Solving Today's Design Security Concerns },  
url = {http://www.xilinx.com/support/documentation/white\textunderscore papers/wp365\textunderscore Solving\textunderscore Security\textunderscore Concerns.pdf}}


@INPROCEEDINGS{suh, 
author={Suh, G.E. and Devadas, S.}, 
booktitle={ DAC}, 
title={Physical Unclonable Functions for Device Authentication and Secret Key Generation}, 
year={2007}, 
month=jun, 
pages={9--14}}


@ARTICLE{arbitur, 
author={Daihyun Lim and Lee, J.W. and Gassend, B. and Suh, G.E. and van Dijk, M. and Devadas, S.}, 
journal={VLSI Systems}, 
title={Extracting secret keys from integrated circuits}, 
year={2005}, 
month=oct, 
volume={13}, 
number={10}, 
pages={1200--1205}}


@INPROCEEDINGS{butterfly, 
author={Kumar, S.S. and Guajardo, J. and Maes, R. and Schrijen, G.-J. and Tuyls, P.}, 
booktitle={HOST}, 
title={The butterfly {PUF}: protecting {IP} on every {FPGA}}, 
year={2008}, 
month=jun, 
pages={67--70}}


@INPROCEEDINGS{dff, 
author={Maes, R.  and  Tuyls, P.   and Verbauwhed, I. }, 
booktitle={WISSec}, 
title={Intrinsic {PUFs} from flip-flops on reconfigurable devices}, 
year={2008}}


@INPROCEEDINGS{pdl,
author={Majzoobi, M. and Koushanfar, F. and Devadas, S.},
booktitle={WIFS},
title={{FPGA PUF} using programmable delay lines},
year={2010},
month={dec.},
pages={1--6}}


@inproceedings{majzoobi,
 author = {Majzoobi, Mehrdad and Koushanfar, Farinaz and Devadas, Srinivas},
 title = {FPGA-Based true random number generation using circuit metastability with adaptive feedback control},
 booktitle = {CHES},
 series = {CHES'11},
 year = {2011},
 isbn = {978-3-642-23950-2},
 location = {Nara, Japan},
 pages = {17--32},
 numpages = {16},
 url = {http://dl.acm.org/citation.cfm?id=2044928.2044931},
 acmid = {2044931},
 publisher = {Springer-Verlag},
 address = {Berlin, Heidelberg}} 

@INPROCEEDINGS{wold,
author={Wold, K. and Chik How Tan},
booktitle={ReConFig},
title={Analysis and Enhancement of Random Number Generator in FPGA Based on Oscillator Rings},
year={2008},
month={dec.},
volume={},
number={},
pages={385--390}}

@inproceedings{coatingpuf,
  title={Read-Proof Hardware from Protective Coatings.},
  booktitle={CHES},
  pages={369-383},
  author={Pim Tuyls and Geert Jan Schrijen and Boris Skoric and Jan van Geloven and Nynke Verhaegh and Rob Wolters},
  year=2006}


@inproceedings{tamperresistance,
 author = {Anderson, Ross J. and Kuhn, Markus G.},
 title = {Low Cost Attacks on Tamper Resistant Devices},
 booktitle = {Proceedings of the 5th International Workshop on Security Protocols},
 year = {1998},
 isbn = {3-540-64040-1},
 pages = {125--136},
 numpages = {12},
 url = {http://dl.acm.org/citation.cfm?id=647215.720528},
 acmid = {720528},
 publisher = {Springer-Verlag},
 address = {London, UK, UK}} 


@article{fuzzyex,
 author = {Dodis, Yevgeniy and Ostrovsky, Rafail and Reyzin, Leonid and Smith, Adam},
 title = {Fuzzy Extractors: How to Generate Strong Keys from Biometrics and Other Noisy Data},
 journal = {SIAM J. Comput.},
 issue_date = {March 2008},
 volume = {38},
 number = {1},
 month = mar,
 year = {2008},
 issn = {0097-5397},
 pages = {97--139},
 numpages = {43},
 url = {http://dx.doi.org/10.1137/060651380},
 doi = {10.1137/060651380},
 acmid = {1405005},
 publisher = {Society for Industrial and Applied Mathematics},
 address = {Philadelphia, PA, USA},
 keywords = {biometric authentication, error-correcting codes, error-tolerance, fuzzy extractors, fuzzy fingerprints, metric embeddings, nonuniformity, password-based systems, randomness extractors}} 

@INPROCEEDINGS{Irobi,
author={Irobi, S. and Al-Ars, Z. and Renovell, M.},
booktitle={Design and Test Workshop (IDT), 2010 5th International},
title={Parasitic memory effect in CMOS SRAMs},
year={2010},
month=dec,
volume={},
number={},
pages={134--139}}

%
@ARTICLE{daihyun,
author={Daihyun, L. and Lee, J.W. and Gassend, B. and Suh, G.E. and van Dijk, M. and Devadas, S.},
journal={VLSI Systems},
title={Extracting secret keys from integrated circuits},
year={2005},
month=oct,
volume={13},
number={10},
pages={1200--1205}}

@electronic{russiancounterfeit,
	  author        = "{{ITAR-TASS News Agency}}",
	  title         = "Phobos-Grunt chips supposedly were counterfeit",
	  url           = "http://www.itar-tass.com/en/c32/330734.html",
	  year          = "2012"
	}

@electronic{smartcard,
	  author        = "Charles Brookson",
	  title         = "Can you clone a GSM Smart Card (SIM)?",
	  url           = "http://www.brookson.com/gsm/clone.pdf",
	  year          = "2002"
	}


@INPROCEEDINGS{gassend,
 author = {Gassend, Blaise and Clarke, Dwaine and van Dijk, Marten and Devadas, Srinivas},
 title = {Silicon physical random functions},
 booktitle = {CCS},
 year = {2002},
 location = {Washington, DC, USA},
 pages = {148--160}}

@MastersThesis{gassendmt,
    author     =     {Gassend, B},
    title     =     {{Physical Random Functions}},
    school     =     {MIT},
    address     =     {MA, USA},
    year     =     {2003}}


@INPROCEEDINGS{rfid1,
author={Cortese, Pier Francesco and Gemmiti, Francesco and Palazzi, Bernardo and Pizzonia, Maurizio and Rimondini, Massimo},
booktitle={RFID-TA}, title={Efficient and practical authentication of {PUF}-based {RFID} tags in supply chains},
year={2010},
month=jun,
volume={},
number={},
pages={182--188},
keywords={},
doi={10.1109/RFID-TA.2010.5529941}}

@INPROCEEDINGS{rfid2,
author={Bassil, R. and El-Beaino, W. and Kayssi, A. and Chehab, A.},
booktitle={ICITST}, title={A PUF-based ultra-lightweight mutual-authentication RFID protocol},
year={2011},
month=dec,
volume={},
number={},
pages={495--499},
keywords={PUF-based ultralightweight mutual-authentication RFID protocol;RFID security;object automatic identification;physically unclonable functions;radiofrequency identification;robust security property;protocols;radiofrequency identification;telecommunication security;}}

@INPROCEEDINGS{rfid3,
author={Akgun, M. and Caglayan, M.U.},
booktitle={ARES}, title={PUF Based Scalable Private RFID Authentication},
year={2011},
month=aug,
volume={},
number={},
pages={473--478},
keywords={PUF;Vaudenay-Model;physically unclonable functions;privacy-preserving authentication scheme;scalable private RFID authentication;secure storage;tree based mutual authentication scheme;cryptographic protocols;radiofrequency identification;secure storage;security of data;telecommunication security;},
doi={10.1109/ARES.2011.73}}

@INPROCEEDINGS{srampufs,
author={Guajardo, J. and Kumar, S.S. and Schrijen, G.-J. and Tuyls, P.},
booktitle={FPL}, title={Physical Unclonable Functions and Public-Key Crypto for {FPGA IP} Protection},
year={2007},
month=aug,
volume={},
number={},
pages={189--195},
keywords={FPGA IP protection;intellectual property;physical unclonable function;public-key cryptography;field programmable gate arrays;public key cryptography;},
doi={10.1109/FPL.2007.4380646}}

@INPROCEEDINGS{multiboot,
author={Goren, S. and Ozkurt, O. and Yildiz, A. and Ugurdag, H.F.},
booktitle={ReCoSoC}, title={{FPGA} bitstream protection with {PUFs}, obfuscation, and multi-boot},
year={2011},
month=jun,
volume={},
number={},
pages={1--2},
keywords={FPGA bitstream protection;PUF;bitstream encryption;multiboot;obfuscation;cryptography;field programmable gate arrays;},
doi={10.1109/ReCoSoC.2011.5981541}}

@INPROCEEDINGS{pufencrypt,
author={Wonseok Choi and Sungsoo Kim and Yonghwan Kim and Yongsoo Park and Kwangseon Ahn},
booktitle={CIT}, title={{PUF}-based Encryption Processor for the {RFID} Systems},
year={2010},
month=jul,
volume={},
number={},
pages={2323--2328},
keywords={AES;Hash;PUF;RFID system;authentication protocol;encryption processor;instruction code;physically unclonable function;wireless communication;authorisation;cryptographic protocols;embedded systems;instruction sets;integrated circuit design;radiofrequency identification;},
doi={10.1109/CIT.2010.400}}

@INPROCEEDINGS{msn,
author={Kuiwu Yang and Kangfeng Zheng and Yuanbo Guo and Dawei Wei},
booktitle={WiCOM}, title={PUF-Based Node Mutual Authentication Scheme for Delay Tolerant Mobile Sensor Network},
year={2011},
month=sep,
volume={},
number={},
pages={1--4},
keywords={DTMSN;PUF;PUF-based node mutual authentication scheme;delay tolerant mobile sensor network;physical unclonable function;sensor nodes;mobile radio;telecommunication security;wireless sensor networks;},
doi={10.1109/wicom.2011.6040366}}


@INPROCEEDINGS{srampufs2,
author={Maes, R. and Tuyls, P. and Verbauwhede, I.},
booktitle={ISIT}, title={A soft decision helper data algorithm for SRAM PUFs},
year={2009},
month=jul,
volume={},
number={},
pages={2101--2105},
keywords={SRAM;cryptographic key generation;fuzzy secret minentropy;physically unclonable functions;soft decision helper data algorithm;soft decision information;SRAM chips;cryptography;entropy;fuzzy systems;logic design;},
doi={10.1109/ISIT.2009.5205263}}

@INPROCEEDINGS{ipprotection,
author={E. Simpson and P. Schaumont},
booktitle={CHES}, title={Offline Hardware/Software Authentication
for Reconfigurable Platforms},
year={2006},
month=sep,
number={},
pages={311–-323}}

@inproceedings{srampuf,
 author = {Guajardo, Jorge and Kumar, Sandeep S. and Schrijen, Geert-Jan and Tuyls, Pim},
 title = {{FPGA} Intrinsic {PUFs} and Their Use for {IP} Protection},
 booktitle = {CHES},
 year = {2007},
 location = {Vienna, Austria},
 pages = {63--80}}

